@INPROCEEDINGS{Barlowe2008, 
author={Barlowe, S. and Tianyi Zhang and Yujie Liu and Jing Yang and Jacobs, D.}, 
booktitle={Visual Analytics Science and Technology, 2008. VAST '08. IEEE Symposium on}, 
title={Multivariate visual explanation for high dimensional datasets}, 
year={2008}, 
month={Oct}, 
pages={147-154}, 
}

@inproceedings{Yang2003,
 author = {Yang, J. and Ward, M. O. and Rundensteiner, E. A. and Huang, S.},
 title = {Visual Hierarchical Dimension Reduction for Exploration of High Dimensional Datasets},
 booktitle = {Proceedings of the Symposium on Data Visualisation 2003},
 year = {2003},
 pages = {19--28},
} 

@inproceedings{Amar2004,
 author = {Amar, Robert and Stasko, John},
 title = {A Knowledge Task-Based Framework for Design and Evaluation of Information Visualizations},
 booktitle = {Proceedings of the IEEE Symposium on Information Visualization},
 year = {2004},
 pages = {143--150},
}

@inproceedings{Wilkinson2005, 
author={Wilkinson, L. and Anand, A. and Grossman, R.}, 
booktitle={Proceedings of the IEEE Symposium on Information Visualization}, 
title={Graph-theoretic scagnostics}, 
year={2005}, 
month={Oct}, 
pages={157-164}, 
keywords={data visualisation;graph theory;Tukey scagnostics;data visualization;graph-theoretic scagnostics;statistical graphics;Area measurement;Computer interfaces;Covariance matrix;Density measurement;Displays;Kernel;Length measurement;Scattering;Symmetric matrices;Visualization}, 
doi={10.1109/INFVIS.2005.1532142},}

@article{Wilkinson2008,
author = {Wilkinson, Leland and Wills, Graham},
title = {Scagnostics Distributions},
journal = {Journal of Computational and Graphical Statistics},
volume = {17},
number = {2},
pages = {473-491},
year = {2008},
doi = {10.1198/106186008X320465},
URL = {http://dx.doi.org/10.1198/106186008X320465},
eprint = {http://dx.doi.org/10.1198/106186008X320465}
}

@inproceedings{Dang2014, 
author={Tuan Nhon Dang and Wilkinson, L.}, 
booktitle={Pacific Visualization Symposium (PacificVis), 2014 IEEE}, 
title={ScagExplorer: Exploring Scatterplots by Their Scagnostics}, 
year={2014}, 
month={March}, 
pages={73-80}, 
keywords={computer graphics;data handling;graph theory;interactive systems;2D distributions;ScagExplorer;high-dimensional data;interactive exploration;large SPLOM;multidimensional Euclidean space;orthogonal pairwise projections;pairwise scatterplots;scatterplot matrices;theoretical method;variables;Clustering algorithms;Correlation;Data visualization;Educational institutions;Layout;Silicon;Time series analysis;Design MethodologyPattern analysis;High-Dimensional Visual Analytics;Leader algorithm;Scagnostics;Scatterplot matrix;forced-directed layout}, 
doi={10.1109/PacificVis.2014.42},}

@article{Sips2009,
author = {Sips, Mike and Neubert, Boris and Lewis, John P. and Hanrahan, Pat},
title = {Selecting good views of high-dimensional data using class consistency},
journal = {Computer Graphics Forum},
volume = {28},
number = {3},
publisher = {Blackwell Publishing Ltd},
issn = {1467-8659},
url = {http://dx.doi.org/10.1111/j.1467-8659.2009.01467.x},
doi = {10.1111/j.1467-8659.2009.01467.x},
pages = {831--838},
keywords = {Data Mining [I.5.3]: Clustering, User Interfaces [H.5.2]: Evaluation/methodology},
year = {2009},
} 
